@STRING{toplas= "ACM Transactions on Programming Languages and Systems"}
@STRING{cacm= "Communications of the ACM"}
@STRING{sigplan= "SIGPLAN Notices"}
@STRING{cjournal= "Computer Journal"}
@STRING{clangs= "Computer Languages"}
@STRING{spe= "Software --- Practice and Experience"}

@Article{cmelik:88,
  author = 	 "Robert~F. Cmelik and Narain~H. Gehani",
  title = 	 "{Dimensional Analysis with \cpp}",
  journal =	 "IEEE Software",
  year =	 1988,
  pages =	 "21--27",
  month =	 may
}

@Book{douglas:69,
  author = 	 "John~F. Douglas",
  title = 	 "An Introduction to Dimensional Analysis for Engineers",
  publisher = 	 "Sir Isaac Pitman & Sons Ltd.",
  year = 	 1969,
  address =	 "London"
}

@Book{ellis:90,
  author = 	 "Margaret~A. Ellis and Bjarne Stroustrup",
  title = 	 "The Annotated \cpp\ Reference Manual",
  publisher = 	 "Addison Wesley",
  year = 	 1990,
  address =	 "New York"
}

@Article{gehani:77,
  author = 	 "Narain Gehani",
  title = 	 "{Units of Measure as a Data Attribute}",
  journal =	 clangs,
  year =	 1977,
  volume =	 2,
  number =       3,
  pages =	 "93--111"
}

@Article{gehani:85,
  author = 	 "N.~H. Gehani",
  title = 	 "{Ada's Derived Types and Units of Measure}",
  journal =	 spe,
  year =	 1985,
  volume =	 15,
  number =	 6,
  pages =	 "555--569",
  month =	 jun
}

@Article{hilfinger:88,
  title="{An Ada Package for Dimensional Analysis}",
  author="Paul~N. Hilfinger",
  journal=toplas,
  year=1988,
  month=apr,
  volume=10,
  number=2,
  pages="189--203"
}


@Article{house:83,
  author = 	 "R.~T. House",
  title = 	 "{A Proposal for an Extended Form of Type Checking of
		  Expressions}",
  journal =	 cjournal,
  year =	 1983,
  volume =	 26,
  number =	 4,
  pages =	 "366--374",
  month =	 nov
}

@Book{isaacson:75,
  author = 	 "E. de~St Q. Isaacson and M. de~St Q. Isaacson",
  title = 	 "Dimensional Methods in Engineering and Physics",
  publisher = 	 "John Wiley \& Sons",
  year = 	 1975,
  address =	 "New York"
}
@Article{karr:78,
  author = 	 "Michael Karr and {Loveman III}, David~B.",
  title = 	 "{Incorporation of Units into Programming Languages}",
  journal =	 cacm,
  year =	 1978,
  volume =	 21,
  number =	 5,
  pages =	 "385--391",
  month =	 may
}

@Article{okeefe:85,
  author = 	 "R.~A. O'Keefe",
  title = 	 "{Alternatives to Keyword Parameters}",
  journal =	 sigplan,
  year =	 1985,
  volume =	 20,
  number =	 6,
  pages =	 "26--32",
  month =	 jun
}

@Book{pankhurst:64,
  author = 	 "R.~C. Pankhurst",
  title = 	 "Dimensional Analysis and Scale Factors",
  publisher = 	 "Reinhold Publishing Corporation",
  year = 	 1964,
  address =	 "New York"
}

@Manual{stallman:93,
  title = 	 "Using and Porting GNU CC",
  author =	 "Richard M. Stallman",
  organization = "Free Software Foundation",
  address =	 "675 Massachusetts Av., Cambridge, MA 02139",
  year =	 1993,
  month =	 oct
}

@Book{stroustrup:91,
  author = 	 "Bjarne Stroustrup",
  title = 	 "The \cpp\ Programming Language",
  publisher = 	 "Addison Wesley",
  year = 	 1991,
  address =	 "New York",
  edition =	 "second"
}




