@STRING{actinf= "Acta Informatica"}
@STRING{cacm= "Communications of the ACM"}
@STRING{cjournal= "Computer Journal"}
@STRING{clangs= "Computer Languages"}
@STRING{inflet= "Information Processing Letters"}
@STRING{infjournal= "Journal of Information Processing"}
@STRING{sigplan= "SIGPLAN Notices"}
@STRING{spe= "Software --- Practice and Experience"}
@STRING{toplas= "ACM Transactions on Programming Languages and Systems"}


@Book{aho:86,
  author = 	 "Alfred~V. Aho and Ravi Sethi and Jeffrey~D. Ullman",
  title = 	 "{Compilers: Principles, Techniques, and Tools}",
  publisher = 	 "Addison-Wesley",
  year = 	 1986,
  address =	 "Reading, MA."
}

@InProceedings{akker:90,
  author = 	 "Rieks Op Den Akker and Bo\u{r}ivoj Melichar and
		  Jorma Tarhio",
  title = 	 "{The Hierarchy of LR-attributed Grammars}",
  editor =	 "P Deransart and M. Jourdan",
  volume =	 461,
  series =	 "LNCS",
  pages =	 "13--28",
  booktitle =	 "{Attribute Grammars and their Appliocations;
		  International Conference WAGA, Paris, France}",
  year =	 1990,
  publisher =	 "Springer-Verlag",
  month =	 sep
}

@InProceedings{akker:91,
  author = 	 "Rieks Op Den Akker and Bo\u{r}ivoj Melichar and
		  Jorma Tarhio",
  title = 	 "{Attribute Evaluation and Parsing}",
  editor =	 "H. Ablas and B. Melichar",
  volume =	 545,
  series =	 "LNCS",
  booktitle =	 "Attribute Grammars, Applications and Systems;
		  International Summer School SAGA, Prague,
		  Czechoslovakia",
  year =	 1991,
  month =	 jun
}


@InProceedings{jones:80,
  author = 	 "Neil~D. Jones and Michael Madsen",
  title = 	 "{Attribute-Influenced LR Parsing}",
  booktitle = 	 "{Semantics-Directed Compiler Generation}",
  year = 	 1980,
  editor =	 "Neil ~D. Jones",
  volume =	 94,
  series =	 "LNCS",
  publisher =	 "Springer-Verlag",
  month =	 jan,
  pages =	 "393--408"
}

@Article{nakata:86,
  author = 	 "Ikuo Nakata and Masatak Sassa",
  title = 	 "{L-attributed LL(1)-Grammars Are LR-attributed}",
  journal =	 inflet,
  year =	 1986,
  volume =	 23,
  pages =	 "325--328"
}

@Article{pohlmann:83,
  author = 	 "Werner Pohlmann",
  title = 	 "{LR Parsing for Affix Grammars}",
  journal =	 actinf,
  year =	 1983,
  volume =	 20,
  pages = 	 "283--300"
}

@Article{sassa:85a,
  author = 	 "Masataka Sassa and Harushi Ishizuka and Ikuo Nakata",
  title = 	 "{A Contribution to LR-attributed Grammars}",
  journal =	 infjournal,
  year =	 1985,
  volume =	 8,
  number =	 3,
  pages =	 "196--206"
}

@Article{sassa:87,
  author = 	 "Masataka Sassa and Harushi Ishizuka and Ikuo Nakata",
  title = 	 "{ECLR Attributed Grammars: A Practical Class of
                   LR-attributed Grammars}",
  journal =	 inflet,
  year =	 1987,
  volume =	 24,
  pages =	 "31--41"
}

@InProceedings{tarhio:88,
  author = 	 "Jorma Tarhio",
  title = 	 "{A Compiler Generator for Attribute Evaluation During
		  LR Parsing}",
  volume =	 371,
  series =	 "LNCS",
  pages =	 "146--159",
  booktitle =	 "{2nd Workshop on Compiler Compilers and High-Speed 
                   Compilation, Berlin, GDR}",
  year =	 1988,
  publisher =	 "Springer-Verlag",
  month =	 oct
}

@Article{tarhio:90,
  author = 	 "Jorma Tarhio",
  title = 	 "{Uncle-Attributed Grammars}",
  journal =	 "BIT",
  year =	 1990,
  volume =	 30,
  pages =	 "437-449"
}

@Article{watt,
  author = 	 {David~A. Watt},
  title = 	 {An Extended Attribute Grammar for Pascal},
  journal = 	 sigplan,
  year = 	 ????,
  volume = 	 ??,
  number = 	 ??,
  month = 	 ???,
  OPTpages = 	 60--74
}

@Article{watt:77,
  author = 	 "David Anthony Watt",
  title = 	 "{The Parsing Problem for Affix Grammars}",
  journal =	 actinf,
  year =	 1977,
  volume =	 8,
  pages =	 "1--20"
}

@InProceedings{watt:80,
  author = 	 "David~A. Watt",
  title = 	 "{Rule Splitting and Attribute-Directed Parsing}",
  booktitle = 	 "{Semantics-Directed Compiler Generation}",
  year = 	 1980,
  editor =	 "Neil~D. Jones",
  volume =	 94,
  series =	 "LNCS",
  publisher =	 "Springer-Verlag",
  month =	 jan,
  pages =	 "363--392"
}

